# $Id$

@article{a0,
	author = {Gordon E. Moore},
	title = {{Cramming more components onto integrated circuits}},
	journal = {Electonics Magazine},
	year = {19-04-1965},
	note = {ftp://download.intel.com/museum/Moores\_Law/Articles-Press\_Releases/Gordon\_Moore\_1965\_Article.pdf},
}

@article{a1,
	author = {Various},
	title = {{Moore's Law}},
	journal = {WikiPedia - The Free Encyclopedia},
	year = {31-10-2005},
	note = {http://en.wikipedia.org/wiki/Moore's\_law},
}

@article{a2,
	author = {Ilkka Tuomi},
	title = {{The Lives and Death of Moore's Law}},
	journal = {First Monday},
	year = {29-10-2005},
	note = {http://firstmonday.org/issues/issue7\_11/tuomi/index.html},
}

@article{a3,
	author = {Michael Kanellos},
	title = {{FAQ: Forty years of Moore's Law}},
	journal = {C|net News.com},
	year = {1-11-2005},
	note = {http://news.com.com/FAQ+Forty+years+of+Moores+Law/2100-1006\_3-5647824.html?tag=st.num},
}

@article{a4,
	author = {Michael Kanellos},
	title = {{Moore says nanoelectronics face tough challenges}},
	journal = {C|net News.com},
	year = {1-11-2005},
	note = {http://news.com.com/2100-1006\_3-5607422.html},
}

@article{a5,
	author = {Unknown},
	title = {{Moore's Law 40th Anniversary}},
	journal = {Intel},
	year = {31-10-2005},
	note = {http://www.intel.com/technology/mooreslaw/index.htm},
}

@article{a6,
	author = {Stephen Shankland},
	title = {{Barrett: No end in sight for Moore's Law}},
	journal = {C|net News.com},
	year = {1-11-2005},
	note = {http://news.com.com/Barrett+No+end+in+sight+for+Moores+Law/2100-1006\_3-5594779.html?tag=nl}
}

 

@article{e1,
	author = {Victor V. Zhirnov, Ralph K. Cavin, III James A. Hutchby},
	title = {{Limits to Binary Logic Switch Scaling -- A Gedanken Model}}
	journal = {Proceedings of the IEEE},
	year = {11-2000},
	volume = {91},
	number = {11},
	note = {www.intel.com/research/documents/Bourianoff-Proc-IEEE-Limits.pdf}
}

@article{e2,
	author = {Misc},
	title = {{Roadmap for Semiconductors}},
	journal = {International Technology.},
	year = {2001},
	note = {http://public.itrs.net/Files/2001ITRS/Home.htm}
}

@article{e3,
	author = {Shekhar Borkar, Pradeep Dubey, Kevin Kahn, David Kuck, Hans Mulder, Steve Pawlowski, Justin Rattner},
	title = {{Platform 2015: Intel Processor and Platform Evolution for the Next Decade}},
	journal = {Intel Whitepapers},
	year = {2005},
	note = {ftp://download.intel.com/technology/computing/archinnov/platform2015/download/Platform\_2015.pdf}
}

@article{e4,
	author = {Unknown},
	title = {{Intel silicon brochure}},
	journal = {Intel Press Releases},
	year = {2005},
	note = {ftp://download.intel.com/technology/silicon/mooreslaw/download/silicon\_brochure\_05.pdf}
}

@article{e5,
	author = {Paul G. Piva, Gino A. DiLabio, Jason L. Pitters, Janik Zikovsky, Moh'd Rezeq, Stanislav Dogel, Werner A. Hofer, Robert A. Wolkow},
	title = {{Field Regulation of Single Molecule Conductivity by a Charged Surface Atom}},
	journal = {Nature},
	year = {2-06-2005},
	note = {http://www.nature.com/nature/journal/v435/n7042/full/nature03563.html}
}

@article{e6,
	author = {Michael Kanellos},
	title = {{Intel sketches out nanotechnology road map}},
	journal = {C|net News.com},
	year = {25-10-2004},
	note = {http://news.com.com/Intel+sketches+out+nanotechnology+road+map/2100-1006\_3-5424766.html?tag=nl}
}

@article{b1,
	author = {Fred V. Reed},
	title = {{Microprocessor Research Aims At Shattering Speed Records}},
	journal = {Signal - AFCEA's International Journal},
	year = {1-1999},
	note = {http://www.afcea.org/signal/articles/anmviewer.asp?a=951\&z=154}
}

@article{b2,
	author = {Xiaoning Qi, Bendik Kleveland, Zhiping Yu, Simon Wong, Robert Dutton, Tak Young},
	title = {{TA 10.4 On-Chip Inductance Modeling of VLSI Interconnects }},
	journal = {{2000 IEEE International Solid-State Circuits Conference}}
	year = {2000},
	note = {http://haydn.stanford.edu/~bendik/pdf/isscc2000.pdf}
}

@article{b3,
	author = {Richard Goering},
	title = {{Inductance nags, tools lag in 0.13-micron ICs}},
	journal = {EE Times},
	year = {28-9-2001},
	note = {http://www.eetimes.com/story/OEG20010928S0146}
}

@article{b4,
	author = {Christer Svensson},
	title = {{Introduction to VLSI}},
	journal = {},
	year = {2001},
	note = {http://www.ek.isy.liu.se/courses/tsek35/files2005/3.wires.pdf}

}

@article{b5,
	author = {Wojciech Maly, Charles Ouyang, Subhendra Ghosh, Sury Maturi},
	title = {{Detection of an Antenna Effect in VLSI Designs, Defect and Fault Tolerance in VLSI Systems}},
	journal = {{1996 IEEE International Symposium}},
	year = {6-11-1996},
	note = {http://ieeexplore.ieee.org/iel3/4201/12360/00571999.pdf}
}

@article{b6,
	author = {Tsung-Yi Ho, Yao-Wen Chang, Sao-Jie Chen},
	title = {{Multilevel routing with antenna avoidance}},
	journal = {{ACM Press}},
	year = {25-10-2004},
	note = {http://delivery.acm.org/10.1145/990000/981074/p34-ho.pdf?key1=981074\&key2=0889601311\&coll=GUIDE\&dl=ACM\&CFID=59253528\&CFTOKEN=17682615}
}

@article{b7,
	author = {Man Lung Mui, Kaustav Banerjee, Amit Mehrotra},
	title = {{A Global Interconnect Optimization Scheme for Nanometer Scale VLSI With Implications for Latency, Bandwidth, and Power Dissipation }},
	journal = {IEEE Transactions On Electron Devices},
	year = {2-2004},
	volume = {51}
	number = {2},
	note = {http://www.ece.ucsb.edu/Faculty/Banerjee/pubs/TED2004\_global\_interconnect.pdf}
}

@article{b8,
	author = {Michael Kanellos},
	title = {{Intel scientists find wall for Moore's Law}},
	journal = {C|net News.com},
	year = {1-12-2003},
	note = {http://news.com.com/Intel+scientists+find+wall+for+Moores+Law/2100-1008\_3-5112061.html?tag=nl}
}

