@article{wikipedia-pstn,
	author = {Misc},
	title = {{Public Switched Telephone Network}},
	journal = {WikiPedia - The Free Encyclopedia},
	year = {8-5-2005},
	note = {http://en.wikipedia.org/wiki/PSTN},
}


