@article{board,
	author = {Misc},
	title = {{Board of Directors}},
	journal = {{Google Investor Relations}},
	year = {10-5-2005},
	note = {http://investor.google.com/board.html},
}

@article{timeline,
	author = {Misc},
	title = {{Timeline}},
	journal = {{Google Corporate Information}},
	year = {10-5-2005},
	note = {http://www.google.com/corporate/timeline.html},
}

@article{overview,
	author = {Misc},
	title = {About Google: Company Overview},
	journal = {{Google Investor Relations}},
	year = {10-5-2005},
	note = {http://www.google.com/corporate/index.html},
}

@article{productdesc,
	author = {Misc},
	title = {Product Descriptions},
	journal = {{Google Press Centre}},
	year = {10-5-2005},
	note = {http://www.google.com/press/descriptions.html},
}

@article{labs,
	author = {Misc},
	title = {Google Labs},
	year = {10-5-2005},
	note = {http://labs.google.com/},
}

@article{philosophy,
	author = {Misc},
	title = {Our Philosophy},
	journal = {{Google Corporate Information}},
	year = {10-5-2005},
	note = {http://labs.google.com/},
}
