@article{a1,
	author = {Jon Stokes},
	title = {{Inside the IBM PowerPC 970 - Part I: Design Philosophy and Front End}},
	journal = {Arts Technica},
	year = {22-11-2002},
	note = {http://arstechnica.com/articles/paedia/cpu/ppc972.ars},
}

@article{a2,
	author = {Jon Stokes},
	title = {{Inside the IBM PowerPC 970 - Part II:The Execution Core}},
	journal = {Arts Technica},
	year = {14-5-2003},
	note = {http://arstechnica.com/cpu/03q1/ppc970/ppc970-0.html},
}

@article{a3,
	author = {Misc},
	title = {{PowerPC}},
	journal = {WikiPedia - The Free Encyclopedia},
	year = {19-3-2005},
	note = {http://en.wikipedia.org/wiki/PowerPC},
}

@article{a4,
	author = {Misc},
	title = {{PowerPC 970}},
	journal = {WikiPedia - The Free Encyclopedia},
	year = {12-3-2005},
	note = {http://en.wikipedia.org/wiki/PowerPC_970},
}

@article{a5,
	author = {Apple Computers Inc},
	title = {{G5 Processor}},
	journal = {Apple.com},
	year = {22-3-2005},
	note = {http://www.apple.com/g5processor/},
}

@article{a6,
	author = {Cathleen Shamieh},
	title = {{Understanding 64-bit PowerPC architecture - Critical considerations in 64-bit microprocessor design}},
	journal = {IBM Whitepaper - Power Architecture Technology},
	year = {19-10-2004},
	note = {http://www-106.ibm.com/developerworks/library/pa-microdesign/?ca=dgr-lnxw0164BitPowerPC},
}

@article{a7,
	author = {Unknown},
	title = {{PowerPC 970: First in a new family of 64-bit high performance PowerPC processors}},
	journal = {IBM Product Presentation},
	year = {15-10-2002},
	note = {http://www-3.ibm.com/chips/techlib/techlib.nsf/techdocs/A1387A29AC1C2AE087256C5200611780},
}

@article{a8,
	author = {Ed Silha},
	title = {{Book I: PowerPC User Instruction Set Architecture}},
	journal = {IBM Whitepaper - PowerPC Architecture Book},
	year = {10-12-2002},
	note = {http://www-128.ibm.com/developerworks/eserver/articles/archguide.html},
}

@article{a9,
	author = {Unknown},
	title = {{Introduction to 64-bit computing and the PowerPC 970FX}},
	journal = {IBM Whitepaper},
	year = {12-4-2004},
	note = {http://www-306.ibm.com/chips/techlib/techlib.nsf/techdocs/C114EA830D8B17E487256EAD00493C17/$file/PowerPC_970FX_64bit_Introduction_Apr_12_04.pdf},
}
